00581cas a22002291a 4500
001 9917738023502836
003 Nz
005 20161223172955.0
008 040109d19551955nz  r ne      0   0 eng d
035    $a (Nz)8177799
035    $a (OCoLC)947774594
035    $a (NLNZils)1773802
035    $a (NLNZils)1773802-ilsdb
040    $a WN $c WN
042    $a nznb
043    $a u-nz---
245 00 $a Pacific coast tide.
260    $a Tauranga [N.Z.]
310    $a Weekly
362 0  $a 1955 Apr.19-1955 Dec.18?
651  0 $a Tauranga (N.Z.) $v Newspapers.
655  7 $a New Zealand newspapers. $2 local $5 Nz
